@inproceedings{Pomerleau2014,
author = {Pomerleau, Francois and Krusi, Philipp and Colas, Francis and Furgale, Paul and Siegwart, Roland},
booktitle = {2014 IEEE International Conference on Robotics and Automation (ICRA)},
doi = {10.1109/ICRA.2014.6907397},
isbn = {978-1-4799-3685-4},
issn = {10504729},
keywords = {ICP,Long-term mapping,SLAM,dynamic obstacles,kd-tree,registration,robot,scan matching},
month = {may},
number = {1},
pages = {3712--3719},
publisher = {IEEE},
title = {{Long-term 3D map maintenance in dynamic environments}},
url = {http://ieeexplore.ieee.org/document/6907397/},
year = {2014}
}



